<record xmlns="http://www.loc.gov/MARC21/slim" xmlns:xsi="http://www.w3.org/2001/XMLSchema-instance" xsi:schemaLocation="http://www.loc.gov/MARC21/slim http://www.loc.gov/standards/marcxml/schema/MARC21slim.xsd">

  <leader>00463nas a22001457a 4500</leader>
  <datafield ind2=" " ind1=" " tag="999">
    <subfield code="c">2575</subfield>
    <subfield code="d">2575</subfield>
  </datafield>
  <controlfield tag="008">150519b1977    cr f|||| |||| 00| 0 spa d</controlfield>
  <datafield tag="022" ind1=" " ind2=" ">
    <subfield code="a">07174004</subfield>
  </datafield>
  <datafield ind2=" " tag="090" ind1=" ">
    <subfield code="a">REVIS 06.02.01</subfield>
  </datafield>
  <datafield ind2=" " ind1="2" tag="110">
    <subfield code="9">585</subfield>
    <subfield code="a">Universidad de Costa Rica</subfield>
  </datafield>
  <datafield ind2="0" ind1="1" tag="245">
    <subfield code="a">EDUCACIÓN: Revista de la Universidad de Costa Rica</subfield>
  </datafield>
  <datafield tag="260" ind1=" " ind2=" ">
    <subfield code="a">San José, Costa Rica :</subfield>
    <subfield code="b">Editorial de la Universidad de Costa Rica,</subfield>
    <subfield code="c">1977-</subfield>
  </datafield>
  <datafield ind1=" " tag="300" ind2=" ">
    <subfield code="a">Volúmenes,</subfield>
    <subfield code="b">ilustraciones</subfield>
  </datafield>
  <datafield tag="650" ind1="1" ind2="4">
    <subfield code="9">1</subfield>
    <subfield code="a">EDUCACIÓN</subfield>
  </datafield>
  <datafield ind2=" " tag="942" ind1=" ">
    <subfield code="2">z</subfield>
    <subfield code="c">03</subfield>
  </datafield>
</record>